%%% From the main text

%\begin{thebibliography}{99}
%\bibitem{day2003}  Peter K. Day,  Henry G. LeDuc,  Benjamin A. Mazin,  Anastasios Vayonakis, and  Jonas Zmuidzinas, \textit{Nature} \textbf{425},  (2003)
%\bibitem{mazin2012}  Benjamin A. Mazin,  Bruce Bumble,  Seth R. Meeker,  Kieran O’Brien,  Sean McHugh, and  Eric Langman, \textit{Optics express} \textbf{20},  (2012)
%\bibitem{mariantoni2011}  Matteo Mariantoni, H.  Wang,  Radoslaw C. Bialczak, M.  Lenander,  Erik Lucero, M.  Neeley, A. D.  O’Connell, D.  Sank, M.  Weides, J.  Wenner, T.  Yamamoto, Y.  Yin, J.  Zhao,  John M. Martinis, and A. N.  Cleland, \textit{Nat. Phys.} \textbf{7},  (2011)
%\bibitem{barends2013} R.  Barends, J.  Kelly, A.  Megrant, D.  Sank, E.  Jeffrey, Y.  Chen, Y.  Yin, B.  Chiaro, J.  Mutus, C.  Neill, P.  O'Malley, P.  Roushan, J.  Wenner, T. C.  White, A. N.  Cleland, and  John M. Martinis, \textit{Phys. Rev. Lett.} \textbf{111},  (2013)
%\bibitem{jeffrey2014}  Evan Jeffrey,  Daniel Sank, J. Y.  Mutus, T. C.  White, J.  Kelly, R.  Barends, Y.  Chen, Z.  Chen, B.  Chiaro, A.  Dunsworth, A.  Megrant, P. J. J.  O'Malley, C.  Neill, P.  Roushan, A.  Vainsencher, J.  Wenner, A. N.  Cleland, and  John M. Martinis, \textit{Phys. Rev. Lett.} \textbf{112},  (2014)
%\bibitem{wang2015}Wang, C. and Axline, C. and Gao, Y. Y. and Brecht, T. and Chu, Y. and Frunzio, L. and Devoret, M. H. and Schoelkopf, R. J. \textit{Appl. Phys. Lett.} \textbf{107},  (2015)
%\bibitem{wisbey2010}Wisbey, David S. and Gao, Jiansong and Vissers, Michael R. and da Silva, Fabio C. S. and Kline, Jeffrey S. and Vale, Leila and Pappas, David P. \textit{JAP}, \textbf{108},  (2010)
%\bibitem{song2009a} C.  Song, T. W.  Heitmann, M. P.  DeFeo, K.  Yu, R.  McDermott, M.  Neeley,  John M. Martinis, and B. L. T.  Plourde, \textit{Physical Review B} \textbf{79},  (2009)
%\bibitem{wang2014}  Chen Wang,  Yvonne Y. Gao,  Ioan M. Pop,  Uri Vool,  Chris Axline,  Teresa Brecht,  Reinier W. Heeres,  Luigi Frunzio,  Michel H. Devoret,  Gianluigi Catelani, L. I.  Glazman, and R. J.  Schoelkopf, \textit{Nat. Commun.} \textbf{5},  (2014)
%\bibitem{nsanzineza2014} I.  Nsanzineza, and B. L. T.  Plourde, \textit{Phys. Rev. Lett} \textbf{113},  (2014)

%\bibitem{martinis2005}John M. Martinis, K. B. Cooper, R. McDermott, Matthias Steffen, Markus Ansmann, K. D. Osborn, K. Cicak, Seongshik Oh, D. P. Pappas, R. W. Simmonds, and Clare C. Yu, \textit{Phys. Rev. Lett} \textbf{95}, (2005)
%\bibitem{martinis2009} John M. Martinis, M. Ansmann, and J. Aumentado, \textit{Phys. Rev. Lett} \textbf{103}, (2009)
%\bibitem{gao2008} Gao, Jiansong and Daal, Miguel and Vayonakis, Anastasios and Kumar, Shwetank and Zmuidzinas, Jonas and Sadoulet, Bernard and Mazin, Benjamin A. and Day, Peter K. and Leduc, Henry G., \textit{Appl. Phys. Lett.}, \textbf{92}, (2008)

%\bibitem{graaf2012} Graaf, S. E. de and Danilov, A. V. and Adamyan, A. and Bauch, T. and Kubatkin, S. E., \textit{JAP}, \textbf{112},  (2012)
%\bibitem{song2009b} C.  Song, M. P.  DeFeo, K.  Yu, and B. L. T.  Plourde, \textit{Appl. Phys. Lett.} \textbf{95},  (2009)
%\bibitem{bothner2011}  Daniel Bothner,  Tobias Gaber,  Matthias Kemmler,  Dieter Koelle, and  Reinhold Kleiner, \textit{Appl. Phys. Lett.} \textbf{98},  (2011)
%\bibitem{bothner2012} D.  Bothner, C.  Clauss, E.  Koroknay, M.  Kemmler, T.  Gaber, M.  Jetter, M.  Scheffler, P.  Michler, M.  Dressel, D.  Koelle, and R.  Kleiner, \textit{Appl. Phys. Lett.} \textbf{100},  (2012)
%\bibitem{stan2004}  Gheorghe Stan,  Stuart B. Field, and  John M. Martinis, \textit{Phys. Rev. Lett} \textbf{92},  (2004)
%\bibitem{tinkham}Michael Tinkham, Introduction to superconductivity (2012)
%\bibitem{wenner2011} J.  Wenner, R.  Barends, R. C.  Bialczak,  Yu Chen, J.  Kelly,  Erik Lucero,  Matteo Mariantoni, A.  Megrant, P. J. J.  O’Malley, D.  Sank, A.  Vainsencher, H.  Wang, T. C.  White, Y.  Yin, J.  Zhao, A. N.  Cleland, and  John M. Martinis, \textit{Appl. Phys. Lett.} \textbf{99},  (2011)
%\bibitem{chiaro2015supp}Supplementary information for "Dielectric surface loss in superconducting resonators with flux-trapping holes"
%\bibitem{megrant2012} A.  Megrant, C.  Neill, R.  Barends, B.  Chiaro,  Yu Chen, L.  Feigl, J.  Kelly,  Erik Lucero,  Matteo Mariantoni, P. J. J.  O’Malley, D.  Sank, A.  Vainsencher, J.  Wenner, T. C.  White, Y.  Yin, J.  Zhao, C. J.  Palmstrøm,  John M. Martinis, and A. N.  Cleland, \textit{Appl. Phys. Lett.} \textbf{100},  (2012)
%\bibitem{barends2011} R.  Barends, J.  Wenner, M.  Lenander, Y.  Chen, R. C.  Bialczak, J.  Kelly, E.  Lucero, P.  O’Malley, M.  Mariantoni, D.  Sank, H.  Wang, T. C.  White, Y.  Yin, J.  Zhao, A. N.  Cleland,  John M. Martinis, and J. J. A.  Baselmans, \textit{Appl. Phys. Lett.} \textbf{99},  (2011)
%\bibitem{ohya2014} S. Ohya, B. Chiaro, A. Megrant, C. Neill, R. Barends, Y. Chen, J. Kelly, D. Low, J. Mutus,  P J J O’Malley,  P. Roushan,  D. Sank, A. Vainsencher, J. Wenner, T. C. White, Y. Yin, B. D. Schultz, C. J. Palmstrøm, B. A. Mazin, A. N. Cleland and John M. Martinis,  \textit{Supercond. Sci. Technol.}, (2014)
%\bibitem{bruno2015} Bruno, A. and de Lange, G. and Asaad, S. and van der Enden, K. L. and Langford, N. K. and DiCarlo, L., \textit{Appl. Phys. Lett.}, \textbf{106}, (2015)
%\bibitem{wang2009} H.  Wang, M.  Hofheinz, J.  Wenner, M.  Ansmann, R. C.  Bialczak, M.  Lenander,  Erik Lucero, M.  Neeley, A. D.  O’Connell, D.  Sank, M.  Weides, A. N.  Cleland, and  John M. Martinis, \textit{Appl. Phys. Lett.} \textbf{95},  (2009)
%\bibitem{faoro2012}L. Faoro and L. Ioffe, \textit{Phys. Rev. Lett.}, \textbf{109}, (2012).
%\bibitem{faoro2015}L. Faoro and L. Ioffe, \textit{Phys. Rev.B}, \textbf{91}, (2015).
%\bibitem{barends2010}  Barends, R. and Vercruyssen, N. and Endo, A. and de Visser, P. J. and Zijlstra, T. and Klapwijk, T. M. and Diener, P. and Yates, S. J. C. and Baselmans, J. J. A., \textit{Appl. Phys. Lett.}, \textbf{97}, (2010)
%
%\end{thebibliography}


%%%  From the supplement
%\begin{thebibliography}{99}
%\bibitem{megrant2012} A.  Megrant, C.  Neill, R.  Barends, B.  Chiaro,  Yu Chen, L.  Feigl, J.  Kelly,  Erik Lucero,  Matteo Mariantoni, P. J. J.  O’Malley, D.  Sank, A.  Vainsencher, J.  Wenner, T. C.  White, Y.  Yin, J.  Zhao, C. J.  Palmstrøm,  John M. Martinis, and A. N.  Cleland, \textit{Appl. Phys. Lett.} \textbf{100},  (2012)
%\bibitem{nsanzineza2014} I.  Nsanzineza, and B. L. T.  Plourde, \textit{Phys. Rev. Lett} \textbf{113},  (2014)
%\bibitem{R}  R Core Team (2013). R: A language and environment for statistical computing. R Foundation for Statistical Computing, Vienna, Austria.  URL http://www.R-project.org/.
%\end{thebibliography}
@article{day2003,
    Abstract = {Cryogenic detectors are extremely sensitive and have a wide variety of applications1,2,3 (particularly in astronomy4,5,6,7,8), but are difficult to integrate into large arrays like a modern CCD (charge-coupled device) camera. As current detectors of the cosmic microwave background (CMB) already have sensitivities comparable to the noise arising from the random arrival of CMB photons, the further gains in sensitivity needed to probe the very early Universe will have to arise from large arrays. A similar situation is encountered at other wavelengths. Single-pixel X-ray detectors now have a resolving power of ΔE < 5 eV for single 6-keV photons, and future X-ray astronomy missions7 anticipate the need for 1,000-pixel arrays. Here we report the demonstration of a superconducting detector that is easily fabricated and can readily be incorporated into such an array. Its sensitivity is already within an order of magnitude of that needed for CMB observations, and its energy resolution is similarly close to the targets required for future X-ray astronomy missions.},
    Author = {Day, Peter K. and LeDuc, Henry G. and Mazin, Benjamin A. and Vayonakis, Anastasios and Zmuidzinas, Jonas},
    Da = {2003/10/01},
    Date-Added = {2019-08-22 19:04:02 +0000},
    Date-Modified = {2019-08-22 19:04:02 +0000},
    Doi = {10.1038/nature02037},
    Id = {Day2003},
    Isbn = {1476-4687},
    Journal = {Nature},
    Number = {6960},
    Pages = {817--821},
    Title = {A broadband superconducting detector suitable for use in large arrays},
    Ty = {JOUR},
    Url = {https://doi.org/10.1038/nature02037},
    Volume = {425},
    Year = {2003},
    Bdsk-Url-1 = {https://doi.org/10.1038/nature02037}}
@article{mazin2012,
    Abstract = {Microwave Kinetic Inductance Detectors, or MKIDs, have proven to be a powerful cryogenic detector technology due to their sensitivity and the ease with which they can be multiplexed into large arrays. A MKID is an energy sensor based on a photon-variable superconducting inductance in a lithographed microresonator, and is capable of functioning as a photon detector across the electromagnetic spectrum as well as a particle detector. Here we describe the first successful effort to create a photon-counting, energy-resolving ultraviolet, optical, and near infrared MKID focal plane array. These new Optical Lumped Element (OLE) MKID arrays have significant advantages over semiconductor detectors like charge coupled devices (CCDs). They can count individual photons with essentially no false counts and determine the energy and arrival time of every photon with good quantum efficiency. Their physical pixel size and maximum count rate is well matched with large telescopes. These capabilities enable powerful new astrophysical instruments usable from the ground and space. MKIDs could eventually supplant semiconductor detectors for most astronomical instrumentation, and will be useful for other disciplines such as quantum optics and biological imaging.},
    Author = {Benjamin A. Mazin and Bruce Bumble and Seth R. Meeker and Kieran O'Brien and Sean McHugh and Eric Langman},
    Doi = {10.1364/OE.20.001503},
    Journal = {Opt. Express},
    Keywords = {Arrays; Astronomy and astrophysics; Charge coupled devices; Electromagnetic radiation; Narrow band filters; Power spectra; Q factor; Scanning electron microscopy},
    Month = {Jan},
    Number = {2},
    Pages = {1503--1511},
    Publisher = {OSA},
    Title = {A superconducting focal plane array for ultraviolet, optical, and near-infrared astrophysics},
    Url = {http://www.opticsexpress.org/abstract.cfm?URI=oe-20-2-1503},
    Volume = {20},
    Year = {2012},
    Bdsk-Url-1 = {http://www.opticsexpress.org/abstract.cfm?URI=oe-20-2-1503},
    Bdsk-Url-2 = {https://doi.org/10.1364/OE.20.001503}}
@article{mariantoni2011,
    Author = {Mariantoni, Matteo and Wang, H. and Bialczak, Radoslaw C. and Lenander, M. and Lucero, Erik and Neeley, M. and O'Connell, A. D. and Sank, D. and Weides, M. and Wenner, J. and Yamamoto, T. and Yin, Y. and Zhao, J. and Martinis, John M. and Cleland, A. N.},
    Date = {2011/01/30/online},
    Date-Added = {2019-08-22 19:05:53 +0000},
    Date-Modified = {2019-08-22 19:05:53 +0000},
    Day = {30},
    Journal = {Nature Physics},
    L3 = {10.1038/nphys1885; https://www.nature.com/articles/nphys1885#supplementary-information},
    Month = {01},
    Pages = {287 EP  -},
    Publisher = {Nature Publishing Group SN  -},
    Title = {Photon shell game in three-resonator circuit quantum electrodynamics},
    Ty = {JOUR},
    Url = {https://doi.org/10.1038/nphys1885},
    Volume = {7},
    Year = {2011},
    Bdsk-Url-1 = {https://doi.org/10.1038/nphys1885}}
@article{barends2013,
    title = {Coherent Josephson Qubit Suitable for Scalable Quantum Integrated Circuits},
    author = {Barends, R. and Kelly, J. and Megrant, A. and Sank, D. and Jeffrey, E. and Chen, Y. and Yin, Y. and Chiaro, B. and Mutus, J. and Neill, C. and O'Malley, P. and Roushan, P. and Wenner, J. and White, T. C. and Cleland, A. N. and Martinis, John M.},
    journal = {Phys. Rev. Lett.},
    volume = {111},
    issue = {8},
    pages = {080502},
    numpages = {5},
    year = {2013},
    month = {Aug},
    publisher = {American Physical Society},
    doi = {10.1103/PhysRevLett.111.080502},
    url = {https://link.aps.org/doi/10.1103/PhysRevLett.111.080502}
}
@article{jeffrey2014,
    title = {Fast Accurate State Measurement with Superconducting Qubits},
    author = {Jeffrey, Evan and Sank, Daniel and Mutus, J. Y. and White, T. C. and Kelly, J. and Barends, R. and Chen, Y. and Chen, Z. and Chiaro, B. and Dunsworth, A. and Megrant, A. and O'Malley, P. J. J. and Neill, C. and Roushan, P. and Vainsencher, A. and Wenner, J. and Cleland, A. N. and Martinis, John M.},
    journal = {Phys. Rev. Lett.},
    volume = {112},
    issue = {19},
    pages = {190504},
    numpages = {5},
    year = {2014},
    month = {May},
    publisher = {American Physical Society},
    doi = {10.1103/PhysRevLett.112.190504},
    url = {https://link.aps.org/doi/10.1103/PhysRevLett.112.190504}
}
@article{wang2015,
Author = {Wang,C. and Axline,C. and Gao,Y. Y. and Brecht,T. and Chu,Y. and Frunzio,L. and Devoret,M. H. and Schoelkopf,R. J.},
Doi = {10.1063/1.4934486},
Eprint = {https://doi.org/10.1063/1.4934486},
Journal = {Applied Physics Letters},
Number = {16},
Pages = {162601},
Title = {Surface participation and dielectric loss in superconducting qubits},
Url = {https://doi.org/10.1063/1.4934486},
Volume = {107},
Year = {2015},
Bdsk-Url-1 = {https://doi.org/10.1063/1.4934486}}
@article{wisbey2010,
Author = {Wisbey,David S. and Gao,Jiansong and Vissers,Michael R. and da Silva,Fabio C. S. and Kline,Jeffrey S. and Vale,Leila and Pappas,David P.},
Doi = {10.1063/1.3499608},
Eprint = {https://doi.org/10.1063/1.3499608},
Journal = {Journal of Applied Physics},
Number = {9},
Pages = {093918},
Title = {Effect of metal/substrate interfaces on radio-frequency loss in superconducting coplanar waveguides},
Url = {https://doi.org/10.1063/1.3499608},
Volume = {108},
Year = {2010},
Bdsk-Url-1 = {https://doi.org/10.1063/1.3499608}}
@article{song2009a,
    title = {Microwave response of vortices in superconducting thin films of Re and Al},
    author = {Song, C. and Heitmann, T. W. and DeFeo, M. P. and Yu, K. and McDermott, R. and Neeley, M. and Martinis, John M. and Plourde, B. L. T.},
    journal = {Phys. Rev. B},
    volume = {79},
    issue = {17},
    pages = {174512},
    numpages = {9},
    year = {2009},
    month = {May},
    publisher = {American Physical Society},
    doi = {10.1103/PhysRevB.79.174512},
    url = {https://link.aps.org/doi/10.1103/PhysRevB.79.174512}
}
@article{wang2014,
    Author = {Wang, C. and Gao, Y. Y. and Pop, I. M. and Vool, U. and Axline, C. and Brecht, T. and Heeres, R. W. and Frunzio, L. and Devoret, M. H. and Catelani, G. and Glazman, L. I. and Schoelkopf, R. J.},
    Date = {2014/12/18/online},
    Date-Added = {2019-08-22 19:10:12 +0000},
    Date-Modified = {2019-08-22 19:10:12 +0000},
    Day = {18},
    Journal = {Nature Communications},
    L3 = {10.1038/ncomms6836; https://www.nature.com/articles/ncomms6836#supplementary-information},
    M3 = {Article},
    Month = {12},
    Pages = {5836 EP  -},
    Publisher = {Nature Publishing Group, a division of Macmillan Publishers Limited. All Rights Reserved. SN  -},
    Title = {Measurement and control of quasiparticle dynamics in a superconducting qubit},
    Ty = {JOUR},
    Url = {https://doi.org/10.1038/ncomms6836},
    Volume = {5},
    Year = {2014},
    Bdsk-Url-1 = {https://doi.org/10.1038/ncomms6836}}
@article{nsanzineza2014,
    title = {Trapping a Single Vortex and Reducing Quasiparticles in a Superconducting Resonator},
    author = {Nsanzineza, I. and Plourde, B. L. T.},
    journal = {Phys. Rev. Lett.},
    volume = {113},
    issue = {11},
    pages = {117002},
    numpages = {5},
    year = {2014},
    month = {Sep},
    publisher = {American Physical Society},
    doi = {10.1103/PhysRevLett.113.117002},
    url = {https://link.aps.org/doi/10.1103/PhysRevLett.113.117002}
}
@article{martinis2005,
    title = {Decoherence in Josephson Qubits from Dielectric Loss},
    author = {Martinis, John M. and Cooper, K. B. and McDermott, R. and Steffen, Matthias and Ansmann, Markus and Osborn, K. D. and Cicak, K. and Oh, Seongshik and Pappas, D. P. and Simmonds, R. W. and Yu, Clare C.},
    journal = {Phys. Rev. Lett.},
    volume = {95},
    issue = {21},
    pages = {210503},
    numpages = {4},
    year = {2005},
    month = {Nov},
    publisher = {American Physical Society},
    doi = {10.1103/PhysRevLett.95.210503},
    url = {https://link.aps.org/doi/10.1103/PhysRevLett.95.210503}
}
@article{martinis2009,
    title = {Energy Decay in Superconducting Josephson-Junction Qubits from Nonequilibrium Quasiparticle Excitations},
    author = {Martinis, John M. and Ansmann, M. and Aumentado, J.},
    journal = {Phys. Rev. Lett.},
    volume = {103},
    issue = {9},
    pages = {097002},
    numpages = {4},
    year = {2009},
    month = {Aug},
    publisher = {American Physical Society},
    doi = {10.1103/PhysRevLett.103.097002},
    url = {https://link.aps.org/doi/10.1103/PhysRevLett.103.097002}
}
@article{gao2008,
Author = {Gao,Jiansong and Daal,Miguel and Vayonakis,Anastasios and Kumar,Shwetank and Zmuidzinas,Jonas and Sadoulet,Bernard and Mazin,Benjamin A. and Day,Peter K. and Leduc,Henry G.},
Doi = {10.1063/1.2906373},
Eprint = {https://doi.org/10.1063/1.2906373},
Journal = {Applied Physics Letters},
Number = {15},
Pages = {152505},
Title = {Experimental evidence for a surface distribution of two-level systems in superconducting lithographed microwave resonators},
Url = {https://doi.org/10.1063/1.2906373},
Volume = {92},
Year = {2008},
Bdsk-Url-1 = {https://doi.org/10.1063/1.2906373}}
@article{graaf2012,
Author = {Graaf,S. E. de and Danilov,A. V. and Adamyan,A. and Bauch,T. and Kubatkin,S. E.},
Doi = {10.1063/1.4769208},
Eprint = {https://doi.org/10.1063/1.4769208},
Journal = {Journal of Applied Physics},
Number = {12},
Pages = {123905},
Title = {Magnetic field resilient superconducting fractal resonators for coupling to free spins},
Url = {https://doi.org/10.1063/1.4769208},
Volume = {112},
Year = {2012},
Bdsk-Url-1 = {https://doi.org/10.1063/1.4769208}}
@article{song2009b,
Author = {Song,C. and DeFeo,M. P. and Yu,K. and Plourde,B. L. T.},
Doi = {10.1063/1.3271523},
Eprint = {https://doi.org/10.1063/1.3271523},
Journal = {Applied Physics Letters},
Number = {23},
Pages = {232501},
Title = {Reducing microwave loss in superconducting resonators due to trapped vortices},
Url = {https://doi.org/10.1063/1.3271523},
Volume = {95},
Year = {2009},
Bdsk-Url-1 = {https://doi.org/10.1063/1.3271523}}
@article{bothner2011,
Author = {Bothner,D. and Gaber,T. and Kemmler,M. and Koelle,D. and Kleiner,R.},
Doi = {10.1063/1.3560480},
Eprint = {https://doi.org/10.1063/1.3560480},
Journal = {Applied Physics Letters},
Number = {10},
Pages = {102504},
Title = {Improving the performance of superconducting microwave resonators in magnetic fields},
Url = {https://doi.org/10.1063/1.3560480},
Volume = {98},
Year = {2011},
Bdsk-Url-1 = {https://doi.org/10.1063/1.3560480}}
@article{bothner2012,
Author = {Bothner,D. and Clauss,C. and Koroknay,E. and Kemmler,M. and Gaber,T. and Jetter,M. and Scheffler,M. and Michler,P. and Dressel,M. and Koelle,D. and Kleiner,R.},
Doi = {10.1063/1.3673869},
Eprint = {https://doi.org/10.1063/1.3673869},
Journal = {Applied Physics Letters},
Number = {1},
Pages = {012601},
Title = {Reducing vortex losses in superconducting microwave resonators with microsphere patterned antidot arrays},
Url = {https://doi.org/10.1063/1.3673869},
Volume = {100},
Year = {2012},
Bdsk-Url-1 = {https://doi.org/10.1063/1.3673869}}
@article{stan2004,
    title = {Critical Field for Complete Vortex Expulsion from Narrow Superconducting Strips},
    author = {Stan, Gheorghe and Field, Stuart B. and Martinis, John M.},
    journal = {Phys. Rev. Lett.},
    volume = {92},
    issue = {9},
    pages = {097003},
    numpages = {4},
    year = {2004},
    month = {Mar},
    publisher = {American Physical Society},
    doi = {10.1103/PhysRevLett.92.097003},
    url = {https://link.aps.org/doi/10.1103/PhysRevLett.92.097003}
}
@book{tinkham,
title = {Introduction to superconductivity},
author = {Michael Tinkham},
year = {2012}}
@article{wenner2011,
Author = {Wenner,J. and Barends,R. and Bialczak,R. C. and Chen,Yu and Kelly,J. and Lucero,Erik and Mariantoni,Matteo and Megrant,A. and O'Malley,P. J. J. and Sank,D. and Vainsencher,A. and Wang,H. and White,T. C. and Yin,Y. and Zhao,J. and Cleland,A. N. and Martinis,John M.},
Doi = {10.1063/1.3637047},
Eprint = {https://doi.org/10.1063/1.3637047},
Journal = {Applied Physics Letters},
Number = {11},
Pages = {113513},
Title = {Surface loss simulations of superconducting coplanar waveguide resonators},
Url = {https://doi.org/10.1063/1.3637047},
Volume = {99},
Year = {2011},
Bdsk-Url-1 = {https://doi.org/10.1063/1.3637047}}
@article{megrant2012,
Author = {Megrant,A. and Neill,C. and Barends,R. and Chiaro,B. and Chen,Yu and Feigl,L. and Kelly,J. and Lucero,Erik and Mariantoni,Matteo and O'Malley,P. J. J. and Sank,D. and Vainsencher,A. and Wenner,J. and White,T. C. and Yin,Y. and Zhao,J. and Palmstr{\o}m,C. J. and Martinis,John M. and Cleland,A. N.},
Doi = {10.1063/1.3693409},
Eprint = {https://doi.org/10.1063/1.3693409},
Journal = {Applied Physics Letters},
Number = {11},
Pages = {113510},
Title = {Planar superconducting resonators with internal quality factors above one million},
Url = {https://doi.org/10.1063/1.3693409},
Volume = {100},
Year = {2012},
Bdsk-Url-1 = {https://doi.org/10.1063/1.3693409}}
@article{barends2011,
Author = {Barends,R. and Wenner,J. and Lenander,M. and Chen,Y. and Bialczak,R. C. and Kelly,J. and Lucero,E. and O'Malley,P. and Mariantoni,M. and Sank,D. and Wang,H. and White,T. C. and Yin,Y. and Zhao,J. and Cleland,A. N. and Martinis,John M. and Baselmans,J. J. A.},
Doi = {10.1063/1.3638063},
Eprint = {https://doi.org/10.1063/1.3638063},
Journal = {Applied Physics Letters},
Number = {11},
Pages = {113507},
Title = {Minimizing quasiparticle generation from stray infrared light in superconducting quantum circuits},
Url = {https://doi.org/10.1063/1.3638063},
Volume = {99},
Year = {2011},
Bdsk-Url-1 = {https://doi.org/10.1063/1.3638063}}
@article{ohya2013,
    Abstract = {We present a systematic study of the properties of room temperature deposited TiN films by varying the deposition conditions in an ultra-high-vacuum reactive magnetron sputtering chamber. By increasing the deposition pressure from 2 to 9 mTorr while keeping a nearly stoichiometric composition of Ti1−xNx (x = 0.5) without substrate heating, the film resistivity increases, the dominant crystal orientation changes from (100) to (111), grain boundaries become clearer, and the strong compressive in-plane strain changes to weak tensile in-plane strain. The TiN films absorb a high concentration of contaminants including hydrogen, carbon, and oxygen when they are exposed to air after deposition. With the target--substrate distance set to 88 mm the contaminant levels increase from ∼0.1\% to ∼10\% as the pressure is increased from 2 to 9 mTorr. The contaminant concentrations also correlate with in-plane distance from the center of the substrate and increase by roughly two orders of magnitude as the target--substrate distance is increased from 88 to 266 mm. These contaminants are found to strongly influence the properties of TiN thin films. For instance, the resistivity of stoichiometric films increases by around a factor of 5 as the oxygen content increases from 0.1\% to 11\%. These results strongly suggest that the energy of the sputtered TiN particles plays a crucial role in determining the TiN film properties, and that it is important to precisely control the energy of these particles to obtain high-quality TiN films. Superconducting coplanar waveguide resonators made from a series of nearly stoichiometric films grown at pressures from 2 to 7 mTorr show a substantial increase in intrinsic quality factor from ∼104 to ∼106 as the magnitude of the compressive strain decreases from nearly 3800 MPa to approximately 150 MPa and the oxygen content increases from 0.1\% to 8\%. Surprisingly, the films with a higher oxygen content exhibit lower loss, but care must be taken when depositing at room temperature to avoid nonuniform oxygen incorporation, which presents as a radially dependent resistivity and becomes a radially dependent surface inductance in the superconductor.},
    Author = {S Ohya and B Chiaro and A Megrant and C Neill and R Barends and Y Chen and J Kelly and D Low and J Mutus and P J J O'Malley and P Roushan and D Sank and A Vainsencher and J Wenner and T C White and Y Yin and B D Schultz and C J Palmstr{\o}m and B A Mazin and A N Cleland and John M Martinis},
    Doi = {10.1088/0953-2048/27/1/015009},
    Journal = {Superconductor Science and Technology},
    Month = {dec},
    Number = {1},
    Pages = {015009},
    Publisher = {{IOP} Publishing},
    Title = {Room temperature deposition of sputtered {TiN} films for superconducting coplanar waveguide resonators},
    Volume = {27},
    Year = 2013,
    Bdsk-Url-2 = {https://doi.org/10.1088/0953-2048/27/1/015009}}
@article{bruno2015,
Author = {Bruno,A. and de Lange,G. and Asaad,S. and van der Enden,K. L. and Langford,N. K. and DiCarlo,L.},
Doi = {10.1063/1.4919761},
Eprint = {https://doi.org/10.1063/1.4919761},
Journal = {Applied Physics Letters},
Number = {18},
Pages = {182601},
Title = {Reducing intrinsic loss in superconducting resonators by surface treatment and deep etching of silicon substrates},
Url = {https://doi.org/10.1063/1.4919761},
Volume = {106},
Year = {2015},
Bdsk-Url-1 = {https://doi.org/10.1063/1.4919761}}
@article{wang2009,
Author = {Wang,H. and Hofheinz,M. and Wenner,J. and Ansmann,M. and Bialczak,R. C. and Lenander,M. and Lucero,Erik and Neeley,M. and O'Connell,A. D. and Sank,D. and Weides,M. and Cleland,A. N. and Martinis,John M.},
Doi = {10.1063/1.3273372},
Eprint = {https://doi.org/10.1063/1.3273372},
Journal = {Applied Physics Letters},
Number = {23},
Pages = {233508},
Title = {Improving the coherence time of superconducting coplanar resonators},
Url = {https://doi.org/10.1063/1.3273372},
Volume = {95},
Year = {2009},
Bdsk-Url-1 = {https://doi.org/10.1063/1.3273372}}
@article{faoro2012,
    title = {Internal Loss of Superconducting Resonators Induced by Interacting Two-Level Systems},
    author = {Faoro, Lara and Ioffe, Lev B.},
    journal = {Phys. Rev. Lett.},
    volume = {109},
    issue = {15},
    pages = {157005},
    numpages = {5},
    year = {2012},
    month = {Oct},
    publisher = {American Physical Society},
    doi = {10.1103/PhysRevLett.109.157005},
    url = {https://link.aps.org/doi/10.1103/PhysRevLett.109.157005}
}
@article{faoro2015,
    title = {Interacting tunneling model for two-level systems in amorphous materials and its predictions for their dephasing and noise in superconducting microresonators},
    author = {Faoro, Lara and Ioffe, Lev B.},
    journal = {Phys. Rev. B},
    volume = {91},
    issue = {1},
    pages = {014201},
    numpages = {11},
    year = {2015},
    month = {Jan},
    publisher = {American Physical Society},
    doi = {10.1103/PhysRevB.91.014201},
    url = {https://link.aps.org/doi/10.1103/PhysRevB.91.014201}
}
@article{barends2010,
Author = {Barends,R. and Vercruyssen,N. and Endo,A. and de Visser,P. J. and Zijlstra,T. and Klapwijk,T. M. and Diener,P. and Yates,S. J. C. and Baselmans,J. J. A.},
Doi = {10.1063/1.3458705},
Eprint = {https://doi.org/10.1063/1.3458705},
Journal = {Applied Physics Letters},
Number = {2},
Pages = {023508},
Title = {Minimal resonator loss for circuit quantum electrodynamics},
Url = {https://doi.org/10.1063/1.3458705},
Volume = {97},
Year = {2010},
Bdsk-Url-1 = {https://doi.org/10.1063/1.3458705}}
@Manual{RStatistics,
    title = {R: A Language and Environment for Statistical Computing},
    author = {{R Core Team}},
    organization = {R Foundation for Statistical Computing},
    address = {Vienna, Austria},
    year = {2013},
    note = {{ISBN} 3-900051-07-0},
    url = {http://www.R-project.org/},
  }
@misc{chiaro2015supp,
note={See supplementary material in the appendix.}}
